<!DOCTYPE html>
<meta charset="utf-8" />
<!-- version 1 -->
<title>[Gen 7] Doubles OU replay: Miyooki vs. Prince of Bell Air</title>
<style>
html,body {font-family:Verdana, sans-serif;font-size:10pt;margin:0;padding:0;}body{padding:12px 0;} .battle-log {font-family:Verdana, sans-serif;font-size:10pt;} .battle-log-inline {border:1px solid #AAAAAA;background:#EEF2F5;color:black;max-width:640px;margin:0 auto 80px;padding-bottom:5px;} .battle-log .inner {padding:4px 8px 0px 8px;} .battle-log .inner-preempt {padding:0 8px 4px 8px;} .battle-log .inner-after {margin-top:0.5em;} .battle-log h2 {margin:0.5em -8px;padding:4px 8px;border:1px solid #AAAAAA;background:#E0E7EA;border-left:0;border-right:0;font-family:Verdana, sans-serif;font-size:13pt;} .battle-log .chat {vertical-align:middle;padding:3px 0 3px 0;font-size:8pt;} .battle-log .chat strong {color:#40576A;} .battle-log .chat em {padding:1px 4px 1px 3px;color:#000000;font-style:normal;} .chat.mine {background:rgba(0,0,0,0.05);margin-left:-8px;margin-right:-8px;padding-left:8px;padding-right:8px;} .spoiler {color:#BBBBBB;background:#BBBBBB;padding:0px 3px;} .spoiler:hover, .spoiler:active, .spoiler-shown {color:#000000;background:#E2E2E2;padding:0px 3px;} .spoiler a {color:#BBBBBB;} .spoiler:hover a, .spoiler:active a, .spoiler-shown a {color:#2288CC;} .chat code, .chat .spoiler:hover code, .chat .spoiler:active code, .chat .spoiler-shown code {border:1px solid #C0C0C0;background:#EEEEEE;color:black;padding:0 2px;} .chat .spoiler code {border:1px solid #CCCCCC;background:#CCCCCC;color:#CCCCCC;} .battle-log .rated {padding:3px 4px;} .battle-log .rated strong {color:white;background:#89A;padding:1px 4px;border-radius:4px;} .spacer {margin-top:0.5em;} .message-announce {background:#6688AA;color:white;padding:1px 4px 2px;} .message-announce a, .broadcast-green a, .broadcast-blue a, .broadcast-red a {color:#DDEEFF;} .broadcast-green {background-color:#559955;color:white;padding:2px 4px;} .broadcast-blue {background-color:#6688AA;color:white;padding:2px 4px;} .infobox {border:1px solid #6688AA;padding:2px 4px;} .infobox-limited {max-height:200px;overflow:auto;overflow-x:hidden;} .broadcast-red {background-color:#AA5544;color:white;padding:2px 4px;} .message-learn-canlearn {font-weight:bold;color:#228822;text-decoration:underline;} .message-learn-cannotlearn {font-weight:bold;color:#CC2222;text-decoration:underline;} .message-effect-weak {font-weight:bold;color:#CC2222;} .message-effect-resist {font-weight:bold;color:#6688AA;} .message-effect-immune {font-weight:bold;color:#666666;} .message-learn-list {margin-top:0;margin-bottom:0;} .message-throttle-notice, .message-error {color:#992222;} .message-overflow, .chat small.message-overflow {font-size:0pt;} .message-overflow::before {font-size:9pt;content:'...';} .subtle {color:#3A4A66;}
</style>
<div class="wrapper replay-wrapper" style="max-width:1180px;margin:0 auto">
<input type="hidden" name="replayid" value="gen7doublesou-733920796" />
<div class="battle"></div><div class="battle-log"></div><div class="replay-controls"></div><div class="replay-controls-2"></div>
<h1 style="font-weight:normal;text-align:center"><strong>[Gen 7] Doubles OU</strong><br /><a href="http://pokemonshowdown.com/users/miyooki" class="subtle" target="_blank">Miyooki</a> vs. <a href="http://pokemonshowdown.com/users/princeofbellair" class="subtle" target="_blank">Prince of Bell Air</a></h1>
<script type="text/plain" class="battle-log-data">|j|☆Miyooki


|j|☆Prince of Bell Air



|player|p1|Miyooki|256



|player|p2|Prince of Bell Air|#yellow
|teamsize|p1|6
|teamsize|p2|6
|gametype|doubles
|gen|7
|tier|[Gen 7] Doubles OU
|rated|
|seed|
|rule|Species Clause: Limit one of each Pokémon
|rule|OHKO Clause: OHKO moves are banned
|rule|Moody Clause: Moody is banned
|rule|Evasion Abilities Clause: Evasion abilities are banned
|rule|Evasion Moves Clause: Evasion moves are banned
|rule|Endless Battle Clause: Forcing endless battles is banned
|rule|HP Percentage Mod: HP is shown in percentages
|rule|Swagger Clause: Swagger is banned
|clearpoke
|poke|p1|Regigigas|item
|poke|p1|Xatu, M|item
|poke|p1|Landorus-Therian, M|item
|poke|p1|Scizor, M|item
|poke|p1|Tapu Bulu|item
|poke|p1|Heatran, F|item
|poke|p2|Diancie|item
|poke|p2|Incineroar, F|item
|poke|p2|Aegislash, F|item
|poke|p2|Suicune|item
|poke|p2|Tapu Koko|item
|poke|p2|Tyranitar, F|item
|teampreview



|c|☆Prince of Bell Air|Xatu



|c|☆Prince of Bell Air|I got natu



|
|start
|switch|p1a: Regigigas|Regigigas, shiny|423\/423
|switch|p1b: Xatu|Xatu, M|334\/334
|switch|p2a: Diancie|Diancie|100\/100
|switch|p2b: Incineroar|Incineroar, F|100\/100
|-start|p1a: Regigigas|ability: Slow Start
|-ability|p2b: Incineroar|Intimidate|boost
|-unboost|p1a: Regigigas|atk|1
|-unboost|p1b: Xatu|atk|1
|turn|1



|
|-end|p1a: Regigigas|Slow Start|[silent]
|switch|p1a: Landorus|Landorus-Therian, M|382\/382
|-ability|p1a: Landorus|Intimidate|boost
|-fail|p2a: Diancie|unboost|[from] ability: Clear Body|[of] p2a: Diancie
|-unboost|p2b: Incineroar|atk|1
|-mega|p2a: Diancie|Diancie|Diancite
|detailschange|p2a: Diancie|Diancie-Mega
|move|p2b: Incineroar|Fake Out|p1a: Landorus
|-crit|p1a: Landorus
|-damage|p1a: Landorus|307\/382
|move|p2a: Diancie|Diamond Storm|p1b: Xatu|[spread] 
|-miss|p2a: Diancie|p1a: Landorus
|-miss|p2a: Diancie|p1b: Xatu
|move|p1b: Xatu|Light Screen|p1b: Xatu
|-sidestart|p1: Miyooki|move: Light Screen
|
|upkeep
|turn|2



|c|☆Prince of Bell Air|https:\/\/docs.google.com\/document\/d\/1Ed9OcwqPjwbtUynnofxc6T6WWA8guze0grd911BaXMw\/edit?usp=sharing



|
|switch|p2b: Tyranitar|Tyranitar, F|100\/100
|-weather|Sandstorm|[from] ability: Sand Stream|[of] p2b: Tyranitar
|move|p2a: Diancie|Diamond Storm|p1a: Landorus|[spread] p1a,p1b
|-damage|p1a: Landorus|154\/382
|-boost|p2a: Diancie|def|2
|-supereffective|p1b: Xatu
|-enditem|p1b: Xatu|Focus Sash
|-damage|p1b: Xatu|1\/334
|-boost|p2a: Diancie|def|2
|move|p1b: Xatu|U-turn|p2a: Diancie
|-resisted|p2a: Diancie
|-damage|p2a: Diancie|98\/100



|
|switch|p1b: Heatran|Heatran, F|386\/386
|move|p1a: Landorus|Knock Off|p2a: Diancie
|-resisted|p2a: Diancie
|-damage|p2a: Diancie|92\/100
|
|-weather|Sandstorm|[upkeep]
|upkeep
|turn|3



|c|☆Miyooki|what is that



|c|☆Prince of Bell Air|my teambuilding frameworks for Diancie mega



|
|move|p2a: Diancie|Earth Power|p1b: Heatran
|-supereffective|p1b: Heatran
|-damage|p1b: Heatran|85\/386
|-zpower|p1a: Landorus
|move|p1a: Landorus|Supersonic Skystrike|p2a: Diancie|[zeffect]
|-resisted|p2a: Diancie
|-damage|p2a: Diancie|64\/100
|move|p1b: Heatran|Earth Power|p2a: Diancie
|-supereffective|p2a: Diancie
|-damage|p2a: Diancie|0 fnt
|faint|p2a: Diancie
|move|p2b: Tyranitar|Crunch|p1a: Landorus
|-damage|p1a: Landorus|0 fnt
|faint|p1a: Landorus
|
|-weather|Sandstorm|[upkeep]
|upkeep



|
|switch|p2a: Suicune|Suicune|100\/100
|switch|p1a: Tapu Bulu|Tapu Bulu|343\/343
|-fieldstart|move: Grassy Terrain|[from] ability: Grassy Surge|[of] p1a: Tapu Bulu
|turn|4



|c|☆Miyooki|interesting



|l|☆Prince of Bell Air



|player|p2|


|inactive|Time left: 150 sec this turn | 235 sec total


|inactive|Battle timer is ON: inactive players will automatically lose when time's up. (requested by Miyooki)



|inactive|Prince of Bell Air has 20 seconds to reconnect!



|inactive|Prince of Bell Air has 15 seconds to reconnect!



|inactive|Prince of Bell Air has 10 seconds to reconnect!



|j| Rodney Price()



|inactive|Prince of Bell Air has 5 seconds to reconnect!



|l| Rodney Price()



|j|☆Prince of Bell Air



|inactive|Prince of Bell Air reconnected and has 90 seconds left.



|player|p2|Prince of Bell Air|#yellow
|c|☆Miyooki|thought you died



|inactive|Prince of Bell Air has 75 seconds left.



|
|switch|p1b: Scizor|Scizor, M|343\/343
|switch|p2b: Incineroar|Incineroar, F|100\/100
|-ability|p2b: Incineroar|Intimidate|boost
|-unboost|p1a: Tapu Bulu|atk|1
|-unboost|p1b: Scizor|atk|1
|move|p1a: Tapu Bulu|Wood Hammer|p2a: Suicune
|-supereffective|p2a: Suicune
|-damage|p2a: Suicune|33\/100
|-damage|p1a: Tapu Bulu|253\/343|[from] Recoil
|move|p2a: Suicune|Scald|p1b: Scizor
|-damage|p1b: Scizor|276\/343
|
|-weather|Sandstorm|[upkeep]
|-damage|p1a: Tapu Bulu|232\/343|[from] Sandstorm
|-damage|p2a: Suicune|27\/100|[from] Sandstorm
|-damage|p2b: Incineroar|94\/100|[from] Sandstorm
|-heal|p1a: Tapu Bulu|253\/343|[from] Grassy Terrain
|-heal|p2a: Suicune|33\/100|[from] item: Leftovers
|-heal|p2a: Suicune|39\/100|[from] Grassy Terrain
|-heal|p1b: Scizor|297\/343|[from] Grassy Terrain
|-heal|p2b: Incineroar|100\/100|[from] Grassy Terrain
|upkeep
|turn|5


|inactive|Time left: 150 sec this turn | 260 sec total


|inactive|Miyooki has 135 seconds left.



|inactive|Prince of Bell Air has 135 seconds left.



|inactive|Miyooki has 120 seconds left.



|inactive|Prince of Bell Air has 120 seconds left.



|
|switch|p1a: Heatran|Heatran, F|85\/386
|switch|p2a: Tapu Koko|Tapu Koko|100\/100
|-fieldstart|move: Electric Terrain|[from] ability: Electric Surge|[of] p2a: Tapu Koko
|-mega|p1b: Scizor|Scizor|Scizorite
|detailschange|p1b: Scizor|Scizor-Mega, M
|move|p2b: Incineroar|Fake Out|p1a: Heatran
|-resisted|p1a: Heatran
|-damage|p1a: Heatran|64\/386
|move|p1b: Scizor|U-turn|p2a: Tapu Koko
|-resisted|p2a: Tapu Koko
|-damage|p2a: Tapu Koko|84\/100


|inactive|Time left: 150 sec this turn | 250 sec total


|inactive|Miyooki has 135 seconds left.



|
|switch|p1b: Regigigas|Regigigas, shiny|423\/423
|-start|p1b: Regigigas|ability: Slow Start
|
|-weather|Sandstorm|[upkeep]
|-damage|p2a: Tapu Koko|78\/100|[from] Sandstorm
|-damage|p2b: Incineroar|94\/100|[from] Sandstorm
|-damage|p1b: Regigigas|397\/423|[from] Sandstorm
|-sideend|p1: Miyooki|move: Light Screen
|upkeep
|turn|6


|inactive|Time left: 150 sec this turn | 255 sec total


|inactive|Miyooki has 135 seconds left.



|
|move|p2a: Tapu Koko|Volt Switch|p1a: Heatran
|-damage|p1a: Heatran|0 fnt
|-damage|p2a: Tapu Koko|68\/100|[from] item: Life Orb
|faint|p1a: Heatran


|inactive|Time left: 150 sec this turn | 265 sec total


|
|switch|p2a: Aegislash|Aegislash, F|100\/100
|move|p2b: Incineroar|Knock Off|p1b: Regigigas
|-damage|p1b: Regigigas|229\/423
|-enditem|p1b: Regigigas|Lum Berry|[from] move: Knock Off|[of] p2b: Incineroar
|move|p1b: Regigigas|Rock Slide|p2a: Aegislash|[spread] p2a,p2b
|-resisted|p2a: Aegislash
|-damage|p2a: Aegislash|96\/100
|-supereffective|p2b: Incineroar
|-damage|p2b: Incineroar|72\/100
|
|-weather|none
|upkeep


|inactive|Time left: 150 sec this turn | 290 sec total


|inactive|Miyooki has 135 seconds left.



|
|switch|p1a: Tapu Bulu|Tapu Bulu|253\/343
|-fieldstart|move: Grassy Terrain|[from] ability: Grassy Surge|[of] p1a: Tapu Bulu
|turn|7


|inactive|Time left: 150 sec this turn | 300 sec total


|c|☆Miyooki|man if only swagger wasnt banned



|c|☆Miyooki|this strat is so good



|inactive|Miyooki has 135 seconds left.



|inactive|Miyooki has 120 seconds left.



|
|switch|p2b: Tapu Koko|Tapu Koko|68\/100
|-fieldstart|move: Electric Terrain|[from] ability: Electric Surge|[of] p2b: Tapu Koko
|move|p1a: Tapu Bulu|Superpower|p2b: Tapu Koko
|-resisted|p2b: Tapu Koko
|-damage|p2b: Tapu Koko|40\/100
|-unboost|p1a: Tapu Bulu|atk|1
|-unboost|p1a: Tapu Bulu|def|1
|-formechange|p2a: Aegislash|Aegislash-Blade|[from] ability: Stance Change
|-zpower|p2a: Aegislash
|move|p2a: Aegislash|Never-Ending Nightmare|p1a: Tapu Bulu|[zeffect]
|-damage|p1a: Tapu Bulu|90\/343
|move|p1b: Regigigas|Knock Off|p2a: Aegislash
|-supereffective|p2a: Aegislash
|-damage|p2a: Aegislash|38\/100
|
|upkeep
|turn|8


|inactive|Time left: 150 sec this turn | 295 sec total


|inactive|Miyooki has 135 seconds left.



|inactive|Prince of Bell Air has 135 seconds left.



|inactive|Miyooki has 120 seconds left.



|inactive|Prince of Bell Air has 120 seconds left.



|
|switch|p1a: Scizor|Scizor-Mega, M|297\/343
|-formechange|p2a: Aegislash|Aegislash|[from] ability: Stance Change
|move|p2a: Aegislash|King's Shield|p2a: Aegislash
|-singleturn|p2a: Aegislash|Protect
|move|p2b: Tapu Koko|Hidden Power|p1a: Scizor
|-resisted|p1a: Scizor
|-damage|p1a: Scizor|262\/343
|-damage|p2b: Tapu Koko|30\/100|[from] item: Life Orb
|move|p1b: Regigigas|Knock Off|p2b: Tapu Koko
|-resisted|p2b: Tapu Koko
|-damage|p2b: Tapu Koko|14\/100
|-enditem|p2b: Tapu Koko|Life Orb|[from] move: Knock Off|[of] p1b: Regigigas
|
|upkeep
|turn|9


|inactive|Time left: 150 sec this turn | 290 sec total


|inactive|Miyooki has 135 seconds left.



|inactive|Prince of Bell Air has 135 seconds left.



|
|switch|p2a: Incineroar|Incineroar, F|72\/100
|-ability|p2a: Incineroar|Intimidate|boost
|-unboost|p1a: Scizor|atk|1
|-unboost|p1b: Regigigas|atk|1
|move|p1a: Scizor|Bullet Punch|p2b: Tapu Koko
|-damage|p2b: Tapu Koko|0 fnt
|faint|p2b: Tapu Koko
|move|p1b: Regigigas|Knock Off|p2a: Incineroar
|-resisted|p2a: Incineroar
|-damage|p2a: Incineroar|65\/100
|-enditem|p2a: Incineroar|Wiki Berry|[from] move: Knock Off|[of] p1b: Regigigas
|
|-end|p1b: Regigigas|Slow Start
|upkeep


|inactive|Time left: 150 sec this turn | 300 sec total


|inactive|Prince of Bell Air has 135 seconds left.



|
|switch|p2b: Suicune|Suicune|39\/100
|turn|10


|inactive|Time left: 150 sec this turn | 325 sec total


|
|move|p2a: Incineroar|Fake Out|p1a: Scizor
|-resisted|p1a: Scizor
|-damage|p1a: Scizor|247\/343
|move|p1b: Regigigas|Drain Punch|p2a: Incineroar
|-supereffective|p2a: Incineroar
|-damage|p2a: Incineroar|24\/100
|-heal|p1b: Regigigas|311\/423|[from] drain|[of] p2a: Incineroar
|move|p2b: Suicune|Calm Mind|p2b: Suicune
|-boost|p2b: Suicune|spa|1
|-boost|p2b: Suicune|spd|1
|cant|p1a: Scizor|flinch
|
|-heal|p2b: Suicune|46\/100|[from] item: Leftovers
|upkeep
|turn|11


|inactive|Time left: 150 sec this turn | 340 sec total


|inactive|Miyooki has 135 seconds left.



|inactive|Prince of Bell Air has 135 seconds left.



|
|switch|p2a: Aegislash|Aegislash, F|38\/100
|move|p1b: Regigigas|Knock Off|p2b: Suicune
|-damage|p2b: Suicune|31\/100
|-enditem|p2b: Suicune|Leftovers|[from] move: Knock Off|[of] p1b: Regigigas
|move|p2b: Suicune|Scald|p1a: Scizor
|-damage|p1a: Scizor|114\/343
|move|p1a: Scizor|U-turn|p2b: Suicune
|-damage|p2b: Suicune|17\/100


|inactive|Time left: 150 sec this turn | 345 sec total


|
|switch|p1a: Xatu|Xatu, M|1\/334
|
|-fieldend|move: Electric Terrain
|upkeep
|turn|12


|inactive|Time left: 150 sec this turn | 360 sec total


|inactive|Prince of Bell Air has 135 seconds left.



|
|switch|p2a: Incineroar|Incineroar, F|24\/100
|-ability|p2a: Incineroar|Intimidate|boost
|-unboost|p1a: Xatu|atk|1
|-unboost|p1b: Regigigas|atk|1
|move|p1a: Xatu|Light Screen|p1a: Xatu
|-sidestart|p1: Miyooki|move: Light Screen
|move|p1b: Regigigas|Rock Slide|p2a: Incineroar|[spread] p2a
|-supereffective|p2a: Incineroar
|-damage|p2a: Incineroar|0 fnt
|-miss|p1b: Regigigas|p2b: Suicune
|faint|p2a: Incineroar
|move|p2b: Suicune|Scald|p1a: Xatu
|-damage|p1a: Xatu|0 fnt
|faint|p1a: Xatu
|
|upkeep


|inactive|Time left: 150 sec this turn | 375 sec total


|inactive|Miyooki has 135 seconds left.



|inactive|Prince of Bell Air has 135 seconds left.



|
|switch|p1a: Scizor|Scizor-Mega, M|114\/343
|switch|p2a: Aegislash|Aegislash, F|38\/100
|turn|13


|inactive|Time left: 150 sec this turn | 385 sec total


|
|move|p2a: Aegislash|King's Shield|p2a: Aegislash
|-singleturn|p2a: Aegislash|Protect
|move|p1a: Scizor|Bullet Punch|p2b: Suicune
|-resisted|p2b: Suicune
|-damage|p2b: Suicune|8\/100
|move|p1b: Regigigas|Rock Slide|p2b: Suicune|[spread] p2b
|-activate|p2a: Aegislash|move: Protect
|-damage|p2b: Suicune|1\/100
|move|p2b: Suicune|Scald|p1a: Scizor
|-damage|p1a: Scizor|21\/343
|
|upkeep
|turn|14


|inactive|Time left: 150 sec this turn | 400 sec total


|inactive|Miyooki has 135 seconds left.



|inactive|Prince of Bell Air has 135 seconds left.



|
|move|p2b: Suicune|Protect|p2b: Suicune
|-singleturn|p2b: Suicune|Protect
|move|p1a: Scizor|Bullet Punch|p2b: Suicune
|-activate|p2b: Suicune|move: Protect
|move|p1b: Regigigas|Knock Off|p2a: Aegislash
|-supereffective|p2a: Aegislash
|-damage|p2a: Aegislash|15\/100
|-formechange|p2a: Aegislash|Aegislash-Blade|[from] ability: Stance Change
|move|p2a: Aegislash|Shadow Ball|p1a: Scizor
|-damage|p1a: Scizor|0 fnt
|faint|p1a: Scizor
|
|upkeep


|inactive|Time left: 150 sec this turn | 410 sec total


|
|switch|p1a: Tapu Bulu|Tapu Bulu|90\/343
|-fieldstart|move: Grassy Terrain|[from] ability: Grassy Surge|[of] p1a: Tapu Bulu
|turn|15


|inactive|Time left: 150 sec this turn | 425 sec total


|inactive|Miyooki has 135 seconds left.



|
|move|p2b: Suicune|Protect|p2b: Suicune
|-singleturn|p2b: Suicune|Protect
|-formechange|p2a: Aegislash|Aegislash|[from] ability: Stance Change
|move|p2a: Aegislash|King's Shield|p2a: Aegislash
|-singleturn|p2a: Aegislash|Protect
|move|p1b: Regigigas|Rock Slide|p2b: Suicune|[spread] 
|-activate|p2a: Aegislash|move: Protect
|-activate|p2b: Suicune|move: Protect
|move|p1a: Tapu Bulu|Horn Leech|p2a: Aegislash
|-activate|p2a: Aegislash|move: Protect
|-unboost|p1a: Tapu Bulu|atk|2
|
|-heal|p1b: Regigigas|337\/423|[from] Grassy Terrain
|-heal|p1a: Tapu Bulu|111\/343|[from] Grassy Terrain
|-heal|p2b: Suicune|7\/100|[from] Grassy Terrain
|-heal|p2a: Aegislash|21\/100|[from] Grassy Terrain
|upkeep
|turn|16


|inactive|Time left: 150 sec this turn | 435 sec total


|inactive|Miyooki has 135 seconds left.



|inactive|Prince of Bell Air has 135 seconds left.



|
|move|p1b: Regigigas|Rock Slide|p2a: Aegislash|[spread] p2a,p2b
|-resisted|p2a: Aegislash
|-damage|p2a: Aegislash|17\/100
|-damage|p2b: Suicune|1\/100
|move|p1a: Tapu Bulu|Horn Leech|p2a: Aegislash
|-resisted|p2a: Aegislash
|-crit|p2a: Aegislash
|-damage|p2a: Aegislash|0 fnt
|-heal|p1a: Tapu Bulu|137\/343|[from] drain|[of] p2a: Aegislash
|faint|p2a: Aegislash
|move|p2b: Suicune|Scald|p1b: Regigigas
|-damage|p1b: Regigigas|258\/423
|
|-heal|p1b: Regigigas|284\/423|[from] Grassy Terrain
|-heal|p1a: Tapu Bulu|158\/343|[from] Grassy Terrain
|-heal|p2b: Suicune|7\/100|[from] Grassy Terrain
|-sideend|p1: Miyooki|move: Light Screen
|upkeep


|inactive|Time left: 150 sec this turn | 435 sec total


|
|switch|p2a: Tyranitar|Tyranitar, F|100\/100
|-weather|Sandstorm|[from] ability: Sand Stream|[of] p2a: Tyranitar
|turn|17


|inactive|Time left: 150 sec this turn | 460 sec total


|inactive|Prince of Bell Air has 135 seconds left.



|
|move|p1b: Regigigas|Drain Punch|p2a: Tyranitar
|-supereffective|p2a: Tyranitar
|-damage|p2a: Tyranitar|38\/100
|-heal|p1b: Regigigas|390\/423|[from] drain|[of] p2a: Tyranitar
|move|p1a: Tapu Bulu|Horn Leech|p2b: Suicune
|-supereffective|p2b: Suicune
|-damage|p2b: Suicune|0 fnt
|-heal|p1a: Tapu Bulu|171\/343|[from] drain|[of] p2b: Suicune
|faint|p2b: Suicune
|move|p2a: Tyranitar|Crunch|p1b: Regigigas
|-damage|p1b: Regigigas|221\/423
|
|-weather|Sandstorm|[upkeep]
|-damage|p1b: Regigigas|195\/423|[from] Sandstorm
|-damage|p1a: Tapu Bulu|150\/343|[from] Sandstorm
|-heal|p1b: Regigigas|221\/423|[from] Grassy Terrain
|-heal|p1a: Tapu Bulu|171\/343|[from] Grassy Terrain
|-heal|p2a: Tyranitar|44\/100|[from] Grassy Terrain
|upkeep
|turn|18


|inactive|Time left: 150 sec this turn | 475 sec total


|c|☆Miyooki|damn what a game



|c|☆Prince of Bell Air|gg



|-message|Prince of Bell Air forfeited.



|
|win|Miyooki


|inactive|Time left: 150 sec this turn | 490 sec total

||Ladder updating...


|c|☆Miyooki|wp



|l|☆Prince of Bell Air



|raw|Miyooki's rating: 1101 &rarr; <strong>1128<\/strong><br \/>(+27 for winning)
|raw|Prince of Bell Air's rating: 1119 &rarr; <strong>1093<\/strong><br \/>(-26 for losing)

</script>
</div>
<div class="battle-log battle-log-inline"><div class="inner"><div class="chat"><small>☆Miyooki joined.</small></div><div class="chat"><small>☆Prince of Bell Air joined.</small></div><div style="padding:5px 0"><small>Format:</small> <br><strong>[Gen 7] Doubles OU</strong></div><div class="rated"><strong>Rated battle</strong></div><div><small><em>Species Clause:</em> Limit one of each Pokémon</small></div><div><small><em>OHKO Clause:</em> OHKO moves are banned</small></div><div><small><em>Moody Clause:</em> Moody is banned</small></div><div><small><em>Evasion Abilities Clause:</em> Evasion abilities are banned</small></div><div><small><em>Evasion Moves Clause:</em> Evasion moves are banned</small></div><div><small><em>Endless Battle Clause:</em> Forcing endless battles is banned</small></div><div><small><em>HP Percentage Mod:</em> HP is shown in percentages</small></div><div><small><em>Swagger Clause:</em> Swagger is banned</small></div><div class="chat"><strong>Miyooki's team:</strong> <em style="color:#445566;display:block;">Regigigas / Xatu / Landorus-Therian / Scizor / Tapu Bulu / Heatran</em></div><div class="chat"><strong>Prince of Bell Air's team:</strong> <em style="color:#445566;display:block;">Diancie / Incineroar / Aegislash / Suicune / Tapu Koko / Tyranitar</em></div><div class="chat chatmessage-princeofbellair"><strong style="color:hsl(236,60%,65.55757335702187%);"><small>☆</small><span class="username" data-name="Prince of Bell Air">Prince of Bell Air</span>:</strong> <em>Xatu</em></div><div class="chat chatmessage-princeofbellair"><strong style="color:hsl(236,60%,65.55757335702187%);"><small>☆</small><span class="username" data-name="Prince of Bell Air">Prince of Bell Air</span>:</strong> <em>I got natu</em></div><div>Battle between Miyooki and Prince of Bell Air started!</div><div class="spacer battle-history"></div><div class="battle-history">Go! Regigigas!</div><div class="spacer battle-history"></div><div class="battle-history">Go! Xatu!</div><div class="spacer battle-history"></div><div class="battle-history">Prince of Bell Air sent out Diancie!</div><div class="spacer battle-history"></div><div class="battle-history">Prince of Bell Air sent out Incineroar!</div><div class="battle-history"><small>[<span class="battle-nickname" title="Regigigas">Regigigas</span>'s Slow Start!]</small></div><div class="battle-history"><small><span class="battle-nickname" title="Regigigas">Regigigas</span> can't get it going!</small></div><div class="battle-history"><small>[Opposing <span class="battle-nickname-foe" title="Incineroar">Incineroar</span>'s Intimidate!]</small></div><div class="battle-history"><small><span class="battle-nickname" title="Regigigas">Regigigas</span>'s Attack fell! <br><span class="battle-nickname" title="Xatu">Xatu</span>'s Attack fell! </small></div><h2 class="battle-history">Turn 1</h2><div class="spacer battle-history"></div><div class="battle-history"><span class="battle-nickname" title="Regigigas">Regigigas</span>, come back!</div><div class="battle-history">Go! <span class="battle-nickname" title="Landorus-Therian">Landorus <small>(Landorus-Therian)</small></span>!</div><div class="battle-history"><small>[<span class="battle-nickname" title="Landorus-Therian">Landorus</span>'s Intimidate!]</small></div><div class="battle-history"><small>[Opposing <span class="battle-nickname-foe" title="Diancie">Diancie</span>'s Clear Body!]</small></div><div class="battle-history"><small>The opposing <span class="battle-nickname-foe" title="Diancie">Diancie</span>'s stats were not lowered!</small></div><div class="battle-history"><small>The opposing <span class="battle-nickname-foe" title="Incineroar">Incineroar</span>'s Attack fell! </small></div><div class="battle-history"><small>The opposing <span class="battle-nickname-foe" title="Diancie">Diancie</span>'s Diancite is reacting to the Key Stone!<br>The opposing <span class="battle-nickname-foe" title="Diancie">Diancie</span> has Mega Evolved into Mega Diancie!</small></div><div class="spacer battle-history"></div><div class="battle-history">The opposing <span class="battle-nickname-foe" title="Incineroar">Incineroar</span> used <strong>Fake Out</strong>!</div><div class="battle-history"><small>A critical hit! <br></small><small><span class="battle-nickname" title="Landorus-Therian">Landorus</span> lost <abbr title="−75/382">19.6%</abbr> of its health!</small><br></div><div class="spacer battle-history"></div><div class="battle-history">The opposing <span class="battle-nickname-foe" title="Diancie-Mega">Diancie</span> used <strong>Diamond Storm</strong>!</div><div class="battle-history"><small><span class="battle-nickname" title="Landorus-Therian">Landorus</span> avoided the attack!</small></div><div class="battle-history"><small><span class="battle-nickname" title="Xatu">Xatu</span> avoided the attack!</small></div><div class="spacer battle-history"></div><div class="battle-history"><span class="battle-nickname" title="Xatu">Xatu</span> used <strong>Light Screen</strong>!</div><div class="battle-history"><small>Light Screen made your team stronger against special moves!</small></div><h2 class="battle-history">Turn 2</h2><div class="chat chatmessage-princeofbellair"><strong style="color:hsl(236,60%,65.55757335702187%);"><small>☆</small><span class="username" data-name="Prince of Bell Air">Prince of Bell Air</span>:</strong> <em><a href="https://docs.google.com/document/d/1Ed9OcwqPjwbtUynnofxc6T6WWA8guze0grd911BaXMw/edit?usp=sharing" rel="noopener" target="_blank">docs.google.com/doc<small class="message-overflow">ument/d/1Ed9OcwqPjwbtUynnofxc6T6WWA8guze0grd911B</small>aXMw/edit</a></em></div><div class="spacer battle-history"></div><div class="battle-history">Prince of Bell Air withdrew Incineroar!</div><div class="battle-history">Prince of Bell Air sent out Tyranitar!</div><div class="battle-history"><small>[Opposing <span class="battle-nickname-foe" title="Tyranitar">Tyranitar</span>'s Sand Stream!]</small></div><div class="battle-history"><small>A sandstorm kicked up!</small></div><div class="spacer battle-history"></div><div class="battle-history">The opposing <span class="battle-nickname-foe" title="Diancie-Mega">Diancie</span> used <strong>Diamond Storm</strong>!</div><div class="battle-history"><small><span class="battle-nickname" title="Landorus-Therian">Landorus</span> lost <abbr title="−153/382">40.1%</abbr> of its health!</small><br></div><div class="battle-history"><small>The opposing <span class="battle-nickname-foe" title="Diancie-Mega">Diancie</span>'s Defense rose sharply! </small></div><div class="battle-history"><small>It's super effective on <span class="battle-nickname" title="Xatu">Xatu</span>! <br><span class="battle-nickname" title="Xatu">Xatu</span> hung on using its Focus Sash!</small></div><div class="battle-history"><small><span class="battle-nickname" title="Xatu">Xatu</span> lost <abbr title="−333/334">99.7%</abbr> of its health!</small><br></div><div class="battle-history"><small>The opposing <span class="battle-nickname-foe" title="Diancie-Mega">Diancie</span>'s Defense rose sharply! </small></div><div class="spacer battle-history"></div><div class="battle-history"><span class="battle-nickname" title="Xatu">Xatu</span> used <strong>U-turn</strong>!</div><div class="battle-history"><small>It's not very effective... <br></small><small>The opposing <span class="battle-nickname-foe" title="Diancie-Mega">Diancie</span> lost 2% of its health!</small><br></div><div class="spacer battle-history"></div><div class="battle-history"><span class="battle-nickname" title="Xatu">Xatu</span> went back to Miyooki!</div><div class="battle-history">Go! Heatran!</div><div class="spacer battle-history"></div><div class="battle-history"><span class="battle-nickname" title="Landorus-Therian">Landorus</span> used <strong>Knock Off</strong>!</div><div class="battle-history"><small>It's not very effective... <br></small><small>The opposing <span class="battle-nickname-foe" title="Diancie-Mega">Diancie</span> lost 6% of its health!</small><br></div><div class="spacer battle-history"></div><div class="battle-history"><div><small>The sandstorm is raging.</small></div></div><h2 class="battle-history">Turn 3</h2><div class="chat chatmessage-miyooki mine"><strong style="color:hsl(80,45%,32.8952424707875%);"><small>☆</small><span class="username" data-name="Miyooki">Miyooki</span>:</strong> <em>what is that</em></div><div class="chat chatmessage-princeofbellair"><strong style="color:hsl(236,60%,65.55757335702187%);"><small>☆</small><span class="username" data-name="Prince of Bell Air">Prince of Bell Air</span>:</strong> <em>my teambuilding frameworks for Diancie mega</em></div><div class="spacer battle-history"></div><div class="battle-history">The opposing <span class="battle-nickname-foe" title="Diancie-Mega">Diancie</span> used <strong>Earth Power</strong>!</div><div class="battle-history"><small>It's super effective! <br></small><small><span class="battle-nickname" title="Heatran">Heatran</span> lost <abbr title="−301/386">78.0%</abbr> of its health!</small><br></div><div class="spacer battle-history"></div><div class="battle-history"><small><span class="battle-nickname" title="Landorus-Therian">Landorus</span> surrounded itself with its Z-Power! </small></div><div class="battle-history"><small><span class="battle-nickname" title="Landorus-Therian">Landorus</span> unleashes its full-force Z-Move!</small></div><div class="battle-history"><span class="battle-nickname" title="Landorus-Therian">Landorus</span> used <strong>Supersonic Skystrike</strong>!</div><div class="battle-history"><small>It's not very effective... <br></small><small>The opposing <span class="battle-nickname-foe" title="Diancie-Mega">Diancie</span> lost 28% of its health!</small><br></div><div class="spacer battle-history"></div><div class="battle-history"><span class="battle-nickname" title="Heatran">Heatran</span> used <strong>Earth Power</strong>!</div><div class="battle-history"><small>It's super effective! <br></small><small>The opposing <span class="battle-nickname-foe" title="Diancie-Mega">Diancie</span> lost 64% of its health!</small><br></div><div class="spacer battle-history"></div><div class="battle-history">The opposing <span class="battle-nickname-foe" title="Diancie-Mega">Diancie</span> fainted!</div><div class="spacer battle-history"></div><div class="battle-history">The opposing <span class="battle-nickname-foe" title="Tyranitar">Tyranitar</span> used <strong>Crunch</strong>!</div><div class="battle-history"><small><span class="battle-nickname" title="Landorus-Therian">Landorus</span> lost <abbr title="−154/382">40.3%</abbr> of its health!</small><br></div><div class="spacer battle-history"></div><div class="battle-history"><span class="battle-nickname" title="Landorus-Therian">Landorus</span> fainted!</div><div class="spacer battle-history"></div><div class="battle-history"><div><small>The sandstorm is raging.</small></div></div><div class="spacer battle-history"></div><div class="battle-history">Prince of Bell Air sent out Suicune!</div><div class="spacer battle-history"></div><div class="battle-history">Go! Tapu Bulu!</div><div class="battle-history"><small>[<span class="battle-nickname" title="Tapu Bulu">Tapu Bulu</span>'s Grassy Surge!]</small></div><div class="battle-history"><small>Grass grew to cover the battlefield!</small></div><h2 class="battle-history">Turn 4</h2><div class="chat chatmessage-miyooki mine"><strong style="color:hsl(80,45%,32.8952424707875%);"><small>☆</small><span class="username" data-name="Miyooki">Miyooki</span>:</strong> <em>interesting</em></div><div class="chat"><small>☆Prince of Bell Air left.</small></div><div class="chat message-error">Battle timer is ON: inactive players will automatically lose when time's up. (requested by Miyooki)</div><div class="chat message-error">Prince of Bell Air has 20 seconds to reconnect!</div><div class="chat message-error">Prince of Bell Air has 15 seconds to reconnect!</div><div class="chat message-error">Prince of Bell Air has 10 seconds to reconnect!</div><div class="chat"><small> Rodney Price() joined.</small></div><div class="chat message-error">Prince of Bell Air has 5 seconds to reconnect!</div><div class="chat"><small> Rodney Price() left.</small></div><div class="chat"><small>☆Prince of Bell Air joined.</small></div><div class="chat message-error">Prince of Bell Air reconnected and has 90 seconds left.</div><div class="chat chatmessage-miyooki mine"><strong style="color:hsl(80,45%,32.8952424707875%);"><small>☆</small><span class="username" data-name="Miyooki">Miyooki</span>:</strong> <em>thought you died</em></div><div class="chat message-error">Prince of Bell Air has 75 seconds left.</div><div class="spacer battle-history"></div><div class="battle-history"><span class="battle-nickname" title="Heatran">Heatran</span>, come back!</div><div class="battle-history">Go! Scizor!</div><div class="spacer battle-history"></div><div class="battle-history">Prince of Bell Air withdrew Tyranitar!</div><div class="battle-history">Prince of Bell Air sent out Incineroar!</div><div class="battle-history"><small>[Opposing <span class="battle-nickname-foe" title="Incineroar">Incineroar</span>'s Intimidate!]</small></div><div class="battle-history"><small><span class="battle-nickname" title="Tapu Bulu">Tapu Bulu</span>'s Attack fell! <br><span class="battle-nickname" title="Scizor">Scizor</span>'s Attack fell! </small></div><div class="spacer battle-history"></div><div class="battle-history"><span class="battle-nickname" title="Tapu Bulu">Tapu Bulu</span> used <strong>Wood Hammer</strong>!</div><div class="battle-history"><small>It's super effective! <br></small><small>The opposing <span class="battle-nickname-foe" title="Suicune">Suicune</span> lost 67% of its health!</small><br></div><div class="battle-history"><small><span class="battle-nickname" title="Tapu Bulu">Tapu Bulu</span> is damaged by the recoil! </small></div><div class="spacer battle-history"></div><div class="battle-history">The opposing <span class="battle-nickname-foe" title="Suicune">Suicune</span> used <strong>Scald</strong>!</div><div class="battle-history"><small><span class="battle-nickname" title="Scizor">Scizor</span> lost <abbr title="−67/343">19.5%</abbr> of its health!</small><br></div><div class="spacer battle-history"></div><div class="battle-history"><div><small>The sandstorm is raging.</small></div></div><div class="battle-history"><small><span class="battle-nickname" title="Tapu Bulu">Tapu Bulu</span> is buffeted by the sandstorm! <br>The opposing <span class="battle-nickname-foe" title="Suicune">Suicune</span> is buffeted by the sandstorm! <br>The opposing <span class="battle-nickname-foe" title="Incineroar">Incineroar</span> is buffeted by the sandstorm! </small></div><div class="battle-history"><small><span class="battle-nickname" title="Tapu Bulu">Tapu Bulu</span> restored HP using its Grassy Terrain!</small></div><div class="battle-history"><small>The opposing <span class="battle-nickname-foe" title="Suicune">Suicune</span> restored a little HP using its Leftovers!</small></div><div class="battle-history"><small>The opposing <span class="battle-nickname-foe" title="Suicune">Suicune</span> restored HP using its Grassy Terrain!</small></div><div class="battle-history"><small><span class="battle-nickname" title="Scizor">Scizor</span> restored HP using its Grassy Terrain!</small></div><div class="battle-history"><small>The opposing <span class="battle-nickname-foe" title="Incineroar">Incineroar</span> restored HP using its Grassy Terrain!</small></div><h2 class="battle-history">Turn 5</h2><div class="chat message-error">Miyooki has 135 seconds left.</div><div class="chat message-error">Prince of Bell Air has 135 seconds left.</div><div class="chat message-error">Miyooki has 120 seconds left.</div><div class="chat message-error">Prince of Bell Air has 120 seconds left.</div><div class="spacer battle-history"></div><div class="battle-history"><span class="battle-nickname" title="Tapu Bulu">Tapu Bulu</span>, come back!</div><div class="battle-history">Go! Heatran!</div><div class="spacer battle-history"></div><div class="battle-history">Prince of Bell Air withdrew Suicune!</div><div class="battle-history">Prince of Bell Air sent out Tapu Koko!</div><div class="battle-history"><small>[Opposing <span class="battle-nickname-foe" title="Tapu Koko">Tapu Koko</span>'s Electric Surge!]</small></div><div class="battle-history"><small>An electric current runs across the battlefield!</small></div><div class="battle-history"><small><span class="battle-nickname" title="Scizor">Scizor</span>'s Scizorite is reacting to the Key Stone!<br><span class="battle-nickname" title="Scizor">Scizor</span> has Mega Evolved into Mega Scizor!</small></div><div class="spacer battle-history"></div><div class="battle-history">The opposing <span class="battle-nickname-foe" title="Incineroar">Incineroar</span> used <strong>Fake Out</strong>!</div><div class="battle-history"><small>It's not very effective... <br></small><small><span class="battle-nickname" title="Heatran">Heatran</span> lost <abbr title="−21/386">5.4%</abbr> of its health!</small><br></div><div class="spacer battle-history"></div><div class="battle-history"><span class="battle-nickname" title="Scizor-Mega">Scizor</span> used <strong>U-turn</strong>!</div><div class="battle-history"><small>It's not very effective... <br></small><small>The opposing <span class="battle-nickname-foe" title="Tapu Koko">Tapu Koko</span> lost 16% of its health!</small><br></div><div class="chat message-error">Miyooki has 135 seconds left.</div><div class="spacer battle-history"></div><div class="battle-history"><span class="battle-nickname" title="Scizor-Mega">Scizor</span> went back to Miyooki!</div><div class="battle-history">Go! Regigigas!</div><div class="battle-history"><small>[<span class="battle-nickname" title="Regigigas">Regigigas</span>'s Slow Start!]</small></div><div class="battle-history"><small><span class="battle-nickname" title="Regigigas">Regigigas</span> can't get it going!</small></div><div class="spacer battle-history"></div><div class="battle-history"><div><small>The sandstorm is raging.</small></div></div><div class="battle-history"><small>The opposing <span class="battle-nickname-foe" title="Tapu Koko">Tapu Koko</span> is buffeted by the sandstorm! <br>The opposing <span class="battle-nickname-foe" title="Incineroar">Incineroar</span> is buffeted by the sandstorm! <br><span class="battle-nickname" title="Regigigas">Regigigas</span> is buffeted by the sandstorm! </small></div><div class="battle-history"><small>Your team's Light Screen wore off!</small></div><h2 class="battle-history">Turn 6</h2><div class="chat message-error">Miyooki has 135 seconds left.</div><div class="spacer battle-history"></div><div class="battle-history">The opposing <span class="battle-nickname-foe" title="Tapu Koko">Tapu Koko</span> used <strong>Volt Switch</strong>!</div><div class="battle-history"><small><span class="battle-nickname" title="Heatran">Heatran</span> lost <abbr title="−64/386">16.6%</abbr> of its health!</small><br></div><div class="battle-history"><small>The opposing <span class="battle-nickname-foe" title="Tapu Koko">Tapu Koko</span> lost some of its HP!</small></div><div class="spacer battle-history"></div><div class="battle-history"><span class="battle-nickname" title="Heatran">Heatran</span> fainted!</div><div class="spacer battle-history"></div><div class="battle-history">The opposing <span class="battle-nickname-foe" title="Tapu Koko">Tapu Koko</span> went back to Prince of Bell Air!</div><div class="battle-history">Prince of Bell Air sent out Aegislash!</div><div class="spacer battle-history"></div><div class="battle-history">The opposing <span class="battle-nickname-foe" title="Incineroar">Incineroar</span> used <strong>Knock Off</strong>!</div><div class="battle-history"><small><span class="battle-nickname" title="Regigigas">Regigigas</span> lost <abbr title="−168/423">39.7%</abbr> of its health!</small><br></div><div class="battle-history"><small>The opposing <span class="battle-nickname-foe" title="Incineroar">Incineroar</span> knocked off <span class="battle-nickname" title="Regigigas">Regigigas</span>'s Lum Berry!</small></div><div class="spacer battle-history"></div><div class="battle-history"><span class="battle-nickname" title="Regigigas">Regigigas</span> used <strong>Rock Slide</strong>!</div><div class="battle-history"><small>It's not very effective on the opposing <span class="battle-nickname-foe" title="Aegislash">Aegislash</span>. <br></small><small>The opposing <span class="battle-nickname-foe" title="Aegislash">Aegislash</span> lost 4% of its health!</small><br></div><div class="battle-history"><small>It's super effective on the opposing <span class="battle-nickname-foe" title="Incineroar">Incineroar</span>! <br></small><small>The opposing <span class="battle-nickname-foe" title="Incineroar">Incineroar</span> lost 22% of its health!</small><br></div><div class="spacer battle-history"></div><div class="battle-history"><small>The sandstorm subsided.</small></div><div class="chat message-error">Miyooki has 135 seconds left.</div><div class="spacer battle-history"></div><div class="battle-history">Go! Tapu Bulu!</div><div class="battle-history"><small>[<span class="battle-nickname" title="Tapu Bulu">Tapu Bulu</span>'s Grassy Surge!]</small></div><div class="battle-history"><small>Grass grew to cover the battlefield!</small></div><h2 class="battle-history">Turn 7</h2><div class="chat chatmessage-miyooki mine"><strong style="color:hsl(80,45%,32.8952424707875%);"><small>☆</small><span class="username" data-name="Miyooki">Miyooki</span>:</strong> <em>man if only swagger wasnt banned</em></div><div class="chat chatmessage-miyooki mine"><strong style="color:hsl(80,45%,32.8952424707875%);"><small>☆</small><span class="username" data-name="Miyooki">Miyooki</span>:</strong> <em>this strat is so good</em></div><div class="chat message-error">Miyooki has 135 seconds left.</div><div class="chat message-error">Miyooki has 120 seconds left.</div><div class="spacer battle-history"></div><div class="battle-history">Prince of Bell Air withdrew Incineroar!</div><div class="battle-history">Prince of Bell Air sent out Tapu Koko!</div><div class="battle-history"><small>[Opposing <span class="battle-nickname-foe" title="Tapu Koko">Tapu Koko</span>'s Electric Surge!]</small></div><div class="battle-history"><small>An electric current runs across the battlefield!</small></div><div class="spacer battle-history"></div><div class="battle-history"><span class="battle-nickname" title="Tapu Bulu">Tapu Bulu</span> used <strong>Superpower</strong>!</div><div class="battle-history"><small>It's not very effective... <br></small><small>The opposing <span class="battle-nickname-foe" title="Tapu Koko">Tapu Koko</span> lost 28% of its health!</small><br></div><div class="battle-history"><small><span class="battle-nickname" title="Tapu Bulu">Tapu Bulu</span>'s Attack fell! <br><span class="battle-nickname" title="Tapu Bulu">Tapu Bulu</span>'s Defense fell! </small></div><div class="battle-history"><small>[Opposing <span class="battle-nickname-foe" title="Aegislash">Aegislash</span>'s Stance Change!]</small></div><div class="battle-history"><small>Changed to Blade Forme!</small></div><div class="spacer battle-history"></div><div class="battle-history"><small>The opposing <span class="battle-nickname-foe" title="Aegislash">Aegislash</span> surrounded itself with its Z-Power! </small></div><div class="battle-history"><small>The opposing <span class="battle-nickname-foe" title="Aegislash">Aegislash</span> unleashes its full-force Z-Move!</small></div><div class="battle-history">The opposing <span class="battle-nickname-foe" title="Aegislash">Aegislash</span> used <strong>Never-Ending Nightmare</strong>!</div><div class="battle-history"><small><span class="battle-nickname" title="Tapu Bulu">Tapu Bulu</span> lost <abbr title="−163/343">47.5%</abbr> of its health!</small><br></div><div class="spacer battle-history"></div><div class="battle-history"><span class="battle-nickname" title="Regigigas">Regigigas</span> used <strong>Knock Off</strong>!</div><div class="battle-history"><small>It's super effective! <br></small><small>The opposing <span class="battle-nickname-foe" title="Aegislash">Aegislash</span> lost 58% of its health!</small><br></div><h2 class="battle-history">Turn 8</h2><div class="chat message-error">Miyooki has 135 seconds left.</div><div class="chat message-error">Prince of Bell Air has 135 seconds left.</div><div class="chat message-error">Miyooki has 120 seconds left.</div><div class="chat message-error">Prince of Bell Air has 120 seconds left.</div><div class="spacer battle-history"></div><div class="battle-history"><span class="battle-nickname" title="Tapu Bulu">Tapu Bulu</span>, come back!</div><div class="battle-history">Go! <span class="battle-nickname" title="Scizor-Mega">Scizor <small>(Scizor-Mega)</small></span>!</div><div class="battle-history"><small>[Opposing <span class="battle-nickname-foe" title="Aegislash">Aegislash</span>'s Stance Change!]</small></div><div class="battle-history"><small>Changed to Shield Forme!</small></div><div class="spacer battle-history"></div><div class="battle-history">The opposing <span class="battle-nickname-foe" title="Aegislash">Aegislash</span> used <strong>King's Shield</strong>!</div><div class="battle-history"><small>The opposing <span class="battle-nickname-foe" title="Aegislash">Aegislash</span> protected itself!</small></div><div class="spacer battle-history"></div><div class="battle-history">The opposing <span class="battle-nickname-foe" title="Tapu Koko">Tapu Koko</span> used <strong>Hidden Power</strong>!</div><div class="battle-history"><small>It's not very effective... <br></small><small><span class="battle-nickname" title="Scizor-Mega">Scizor</span> lost <abbr title="−35/343">10.2%</abbr> of its health!</small><br></div><div class="battle-history"><small>The opposing <span class="battle-nickname-foe" title="Tapu Koko">Tapu Koko</span> lost some of its HP!</small></div><div class="spacer battle-history"></div><div class="battle-history"><span class="battle-nickname" title="Regigigas">Regigigas</span> used <strong>Knock Off</strong>!</div><div class="battle-history"><small>It's not very effective... <br></small><small>The opposing <span class="battle-nickname-foe" title="Tapu Koko">Tapu Koko</span> lost 16% of its health!</small><br></div><div class="battle-history"><small><span class="battle-nickname" title="Regigigas">Regigigas</span> knocked off the opposing <span class="battle-nickname-foe" title="Tapu Koko">Tapu Koko</span>'s Life Orb!</small></div><h2 class="battle-history">Turn 9</h2><div class="chat message-error">Miyooki has 135 seconds left.</div><div class="chat message-error">Prince of Bell Air has 135 seconds left.</div><div class="spacer battle-history"></div><div class="battle-history">Prince of Bell Air withdrew Aegislash!</div><div class="battle-history">Prince of Bell Air sent out Incineroar!</div><div class="battle-history"><small>[Opposing <span class="battle-nickname-foe" title="Incineroar">Incineroar</span>'s Intimidate!]</small></div><div class="battle-history"><small><span class="battle-nickname" title="Scizor-Mega">Scizor</span>'s Attack fell! <br><span class="battle-nickname" title="Regigigas">Regigigas</span>'s Attack fell! </small></div><div class="spacer battle-history"></div><div class="battle-history"><span class="battle-nickname" title="Scizor-Mega">Scizor</span> used <strong>Bullet Punch</strong>!</div><div class="battle-history"><small>The opposing <span class="battle-nickname-foe" title="Tapu Koko">Tapu Koko</span> lost 14% of its health!</small><br></div><div class="spacer battle-history"></div><div class="battle-history">The opposing <span class="battle-nickname-foe" title="Tapu Koko">Tapu Koko</span> fainted!</div><div class="spacer battle-history"></div><div class="battle-history"><span class="battle-nickname" title="Regigigas">Regigigas</span> used <strong>Knock Off</strong>!</div><div class="battle-history"><small>It's not very effective... <br></small><small>The opposing <span class="battle-nickname-foe" title="Incineroar">Incineroar</span> lost 7% of its health!</small><br></div><div class="battle-history"><small><span class="battle-nickname" title="Regigigas">Regigigas</span> knocked off the opposing <span class="battle-nickname-foe" title="Incineroar">Incineroar</span>'s Wiki Berry!</small></div><div class="spacer battle-history"></div><div class="battle-history"><small><span class="battle-nickname" title="Regigigas">Regigigas</span> finally got its act together!</small></div><div class="chat message-error">Prince of Bell Air has 135 seconds left.</div><div class="spacer battle-history"></div><div class="battle-history">Prince of Bell Air sent out Suicune!</div><h2 class="battle-history">Turn 10</h2><div class="spacer battle-history"></div><div class="battle-history">The opposing <span class="battle-nickname-foe" title="Incineroar">Incineroar</span> used <strong>Fake Out</strong>!</div><div class="battle-history"><small>It's not very effective... <br></small><small><span class="battle-nickname" title="Scizor-Mega">Scizor</span> lost <abbr title="−15/343">4.4%</abbr> of its health!</small><br></div><div class="spacer battle-history"></div><div class="battle-history"><span class="battle-nickname" title="Regigigas">Regigigas</span> used <strong>Drain Punch</strong>!</div><div class="battle-history"><small>It's super effective! <br></small><small>The opposing <span class="battle-nickname-foe" title="Incineroar">Incineroar</span> lost 41% of its health!</small><br></div><div class="battle-history"><small>The opposing <span class="battle-nickname-foe" title="Incineroar">Incineroar</span> had its energy drained!</small></div><div class="spacer battle-history"></div><div class="battle-history">The opposing <span class="battle-nickname-foe" title="Suicune">Suicune</span> used <strong>Calm Mind</strong>!</div><div class="battle-history"><small>The opposing <span class="battle-nickname-foe" title="Suicune">Suicune</span>'s Special Attack rose! <br>The opposing <span class="battle-nickname-foe" title="Suicune">Suicune</span>'s Special Defense rose! </small></div><div class="spacer battle-history"></div><div class="battle-history"><span class="battle-nickname" title="Scizor-Mega">Scizor</span> flinched and couldn't move!</div><div class="spacer battle-history"></div><div class="battle-history"><small>The opposing <span class="battle-nickname-foe" title="Suicune">Suicune</span> restored a little HP using its Leftovers!</small></div><h2 class="battle-history">Turn 11</h2><div class="chat message-error">Miyooki has 135 seconds left.</div><div class="chat message-error">Prince of Bell Air has 135 seconds left.</div><div class="spacer battle-history"></div><div class="battle-history">Prince of Bell Air withdrew Incineroar!</div><div class="battle-history">Prince of Bell Air sent out Aegislash!</div><div class="spacer battle-history"></div><div class="battle-history"><span class="battle-nickname" title="Regigigas">Regigigas</span> used <strong>Knock Off</strong>!</div><div class="battle-history"><small>The opposing <span class="battle-nickname-foe" title="Suicune">Suicune</span> lost 15% of its health!</small><br></div><div class="battle-history"><small><span class="battle-nickname" title="Regigigas">Regigigas</span> knocked off the opposing <span class="battle-nickname-foe" title="Suicune">Suicune</span>'s Leftovers!</small></div><div class="spacer battle-history"></div><div class="battle-history">The opposing <span class="battle-nickname-foe" title="Suicune">Suicune</span> used <strong>Scald</strong>!</div><div class="battle-history"><small><span class="battle-nickname" title="Scizor-Mega">Scizor</span> lost <abbr title="−133/343">38.8%</abbr> of its health!</small><br></div><div class="spacer battle-history"></div><div class="battle-history"><span class="battle-nickname" title="Scizor-Mega">Scizor</span> used <strong>U-turn</strong>!</div><div class="battle-history"><small>The opposing <span class="battle-nickname-foe" title="Suicune">Suicune</span> lost 14% of its health!</small><br></div><div class="spacer battle-history"></div><div class="battle-history"><span class="battle-nickname" title="Scizor-Mega">Scizor</span> went back to Miyooki!</div><div class="battle-history">Go! Xatu!</div><div class="spacer battle-history"></div><div class="battle-history"><small>The electricity disappeared from the battlefield.</small></div><h2 class="battle-history">Turn 12</h2><div class="chat message-error">Prince of Bell Air has 135 seconds left.</div><div class="spacer battle-history"></div><div class="battle-history">Prince of Bell Air withdrew Aegislash!</div><div class="battle-history">Prince of Bell Air sent out Incineroar!</div><div class="battle-history"><small>[Opposing <span class="battle-nickname-foe" title="Incineroar">Incineroar</span>'s Intimidate!]</small></div><div class="battle-history"><small><span class="battle-nickname" title="Xatu">Xatu</span>'s Attack fell! <br><span class="battle-nickname" title="Regigigas">Regigigas</span>'s Attack fell! </small></div><div class="spacer battle-history"></div><div class="battle-history"><span class="battle-nickname" title="Xatu">Xatu</span> used <strong>Light Screen</strong>!</div><div class="battle-history"><small>Light Screen made your team stronger against special moves!</small></div><div class="spacer battle-history"></div><div class="battle-history"><span class="battle-nickname" title="Regigigas">Regigigas</span> used <strong>Rock Slide</strong>!</div><div class="battle-history"><small>It's super effective on the opposing <span class="battle-nickname-foe" title="Incineroar">Incineroar</span>! <br></small><small>The opposing <span class="battle-nickname-foe" title="Incineroar">Incineroar</span> lost 24% of its health!</small><br></div><div class="battle-history"><small>The opposing <span class="battle-nickname-foe" title="Suicune">Suicune</span> avoided the attack!</small></div><div class="spacer battle-history"></div><div class="battle-history">The opposing <span class="battle-nickname-foe" title="Incineroar">Incineroar</span> fainted!</div><div class="spacer battle-history"></div><div class="battle-history">The opposing <span class="battle-nickname-foe" title="Suicune">Suicune</span> used <strong>Scald</strong>!</div><div class="battle-history"><small><span class="battle-nickname" title="Xatu">Xatu</span> lost <abbr title="−1/334">0.3%</abbr> of its health!</small><br></div><div class="spacer battle-history"></div><div class="battle-history"><span class="battle-nickname" title="Xatu">Xatu</span> fainted!</div><div class="chat message-error">Miyooki has 135 seconds left.</div><div class="chat message-error">Prince of Bell Air has 135 seconds left.</div><div class="spacer battle-history"></div><div class="battle-history">Go! <span class="battle-nickname" title="Scizor-Mega">Scizor <small>(Scizor-Mega)</small></span>!</div><div class="spacer battle-history"></div><div class="battle-history">Prince of Bell Air sent out Aegislash!</div><h2 class="battle-history">Turn 13</h2><div class="spacer battle-history"></div><div class="battle-history">The opposing <span class="battle-nickname-foe" title="Aegislash">Aegislash</span> used <strong>King's Shield</strong>!</div><div class="battle-history"><small>The opposing <span class="battle-nickname-foe" title="Aegislash">Aegislash</span> protected itself!</small></div><div class="spacer battle-history"></div><div class="battle-history"><span class="battle-nickname" title="Scizor-Mega">Scizor</span> used <strong>Bullet Punch</strong>!</div><div class="battle-history"><small>It's not very effective... <br></small><small>The opposing <span class="battle-nickname-foe" title="Suicune">Suicune</span> lost 9% of its health!</small><br></div><div class="spacer battle-history"></div><div class="battle-history"><span class="battle-nickname" title="Regigigas">Regigigas</span> used <strong>Rock Slide</strong>!</div><div class="battle-history"><small>The opposing <span class="battle-nickname-foe" title="Aegislash">Aegislash</span> protected itself!</small></div><div class="battle-history"><small>The opposing <span class="battle-nickname-foe" title="Suicune">Suicune</span> lost 7% of its health!</small><br></div><div class="spacer battle-history"></div><div class="battle-history">The opposing <span class="battle-nickname-foe" title="Suicune">Suicune</span> used <strong>Scald</strong>!</div><div class="battle-history"><small><span class="battle-nickname" title="Scizor-Mega">Scizor</span> lost <abbr title="−93/343">27.1%</abbr> of its health!</small><br></div><h2 class="battle-history">Turn 14</h2><div class="chat message-error">Miyooki has 135 seconds left.</div><div class="chat message-error">Prince of Bell Air has 135 seconds left.</div><div class="spacer battle-history"></div><div class="battle-history">The opposing <span class="battle-nickname-foe" title="Suicune">Suicune</span> used <strong>Protect</strong>!</div><div class="battle-history"><small>The opposing <span class="battle-nickname-foe" title="Suicune">Suicune</span> protected itself!</small></div><div class="spacer battle-history"></div><div class="battle-history"><span class="battle-nickname" title="Scizor-Mega">Scizor</span> used <strong>Bullet Punch</strong>!</div><div class="battle-history"><small>The opposing <span class="battle-nickname-foe" title="Suicune">Suicune</span> protected itself!</small></div><div class="spacer battle-history"></div><div class="battle-history"><span class="battle-nickname" title="Regigigas">Regigigas</span> used <strong>Knock Off</strong>!</div><div class="battle-history"><small>It's super effective! <br></small><small>The opposing <span class="battle-nickname-foe" title="Aegislash">Aegislash</span> lost 23% of its health!</small><br></div><div class="battle-history"><small>[Opposing <span class="battle-nickname-foe" title="Aegislash">Aegislash</span>'s Stance Change!]</small></div><div class="battle-history"><small>Changed to Blade Forme!</small></div><div class="spacer battle-history"></div><div class="battle-history">The opposing <span class="battle-nickname-foe" title="Aegislash">Aegislash</span> used <strong>Shadow Ball</strong>!</div><div class="battle-history"><small><span class="battle-nickname" title="Scizor-Mega">Scizor</span> lost <abbr title="−21/343">6.1%</abbr> of its health!</small><br></div><div class="spacer battle-history"></div><div class="battle-history"><span class="battle-nickname" title="Scizor-Mega">Scizor</span> fainted!</div><div class="spacer battle-history"></div><div class="battle-history">Go! Tapu Bulu!</div><div class="battle-history"><small>[<span class="battle-nickname" title="Tapu Bulu">Tapu Bulu</span>'s Grassy Surge!]</small></div><div class="battle-history"><small>Grass grew to cover the battlefield!</small></div><h2 class="battle-history">Turn 15</h2><div class="chat message-error">Miyooki has 135 seconds left.</div><div class="spacer battle-history"></div><div class="battle-history">The opposing <span class="battle-nickname-foe" title="Suicune">Suicune</span> used <strong>Protect</strong>!</div><div class="battle-history"><small>The opposing <span class="battle-nickname-foe" title="Suicune">Suicune</span> protected itself!</small></div><div class="battle-history"><small>[Opposing <span class="battle-nickname-foe" title="Aegislash">Aegislash</span>'s Stance Change!]</small></div><div class="battle-history"><small>Changed to Shield Forme!</small></div><div class="spacer battle-history"></div><div class="battle-history">The opposing <span class="battle-nickname-foe" title="Aegislash">Aegislash</span> used <strong>King's Shield</strong>!</div><div class="battle-history"><small>The opposing <span class="battle-nickname-foe" title="Aegislash">Aegislash</span> protected itself!</small></div><div class="spacer battle-history"></div><div class="battle-history"><span class="battle-nickname" title="Regigigas">Regigigas</span> used <strong>Rock Slide</strong>!</div><div class="battle-history"><small>The opposing <span class="battle-nickname-foe" title="Aegislash">Aegislash</span> protected itself!</small></div><div class="battle-history"><small>The opposing <span class="battle-nickname-foe" title="Suicune">Suicune</span> protected itself!</small></div><div class="spacer battle-history"></div><div class="battle-history"><span class="battle-nickname" title="Tapu Bulu">Tapu Bulu</span> used <strong>Horn Leech</strong>!</div><div class="battle-history"><small>The opposing <span class="battle-nickname-foe" title="Aegislash">Aegislash</span> protected itself!</small></div><div class="battle-history"><small><span class="battle-nickname" title="Tapu Bulu">Tapu Bulu</span>'s Attack fell harshly! </small></div><div class="spacer battle-history"></div><div class="battle-history"><small><span class="battle-nickname" title="Regigigas">Regigigas</span> restored HP using its Grassy Terrain!</small></div><div class="battle-history"><small><span class="battle-nickname" title="Tapu Bulu">Tapu Bulu</span> restored HP using its Grassy Terrain!</small></div><div class="battle-history"><small>The opposing <span class="battle-nickname-foe" title="Suicune">Suicune</span> restored HP using its Grassy Terrain!</small></div><div class="battle-history"><small>The opposing <span class="battle-nickname-foe" title="Aegislash">Aegislash</span> restored HP using its Grassy Terrain!</small></div><h2 class="battle-history">Turn 16</h2><div class="chat message-error">Miyooki has 135 seconds left.</div><div class="chat message-error">Prince of Bell Air has 135 seconds left.</div><div class="spacer battle-history"></div><div class="battle-history"><span class="battle-nickname" title="Regigigas">Regigigas</span> used <strong>Rock Slide</strong>!</div><div class="battle-history"><small>It's not very effective on the opposing <span class="battle-nickname-foe" title="Aegislash">Aegislash</span>. <br></small><small>The opposing <span class="battle-nickname-foe" title="Aegislash">Aegislash</span> lost 4% of its health!</small><br></div><div class="battle-history"><small>The opposing <span class="battle-nickname-foe" title="Suicune">Suicune</span> lost 6% of its health!</small><br></div><div class="spacer battle-history"></div><div class="battle-history"><span class="battle-nickname" title="Tapu Bulu">Tapu Bulu</span> used <strong>Horn Leech</strong>!</div><div class="battle-history"><small>It's not very effective... <br>A critical hit! <br></small><small>The opposing <span class="battle-nickname-foe" title="Aegislash">Aegislash</span> lost 17% of its health!</small><br></div><div class="battle-history"><small>The opposing <span class="battle-nickname-foe" title="Aegislash">Aegislash</span> had its energy drained!</small></div><div class="spacer battle-history"></div><div class="battle-history">The opposing <span class="battle-nickname-foe" title="Aegislash">Aegislash</span> fainted!</div><div class="spacer battle-history"></div><div class="battle-history">The opposing <span class="battle-nickname-foe" title="Suicune">Suicune</span> used <strong>Scald</strong>!</div><div class="battle-history"><small><span class="battle-nickname" title="Regigigas">Regigigas</span> lost <abbr title="−79/423">18.7%</abbr> of its health!</small><br></div><div class="spacer battle-history"></div><div class="battle-history"><small><span class="battle-nickname" title="Regigigas">Regigigas</span> restored HP using its Grassy Terrain!</small></div><div class="battle-history"><small><span class="battle-nickname" title="Tapu Bulu">Tapu Bulu</span> restored HP using its Grassy Terrain!</small></div><div class="battle-history"><small>The opposing <span class="battle-nickname-foe" title="Suicune">Suicune</span> restored HP using its Grassy Terrain!</small></div><div class="battle-history"><small>Your team's Light Screen wore off!</small></div><div class="spacer battle-history"></div><div class="battle-history">Prince of Bell Air sent out Tyranitar!</div><div class="battle-history"><small>[Opposing <span class="battle-nickname-foe" title="Tyranitar">Tyranitar</span>'s Sand Stream!]</small></div><div class="battle-history"><small>A sandstorm kicked up!</small></div><h2 class="battle-history">Turn 17</h2><div class="chat message-error">Prince of Bell Air has 135 seconds left.</div><div class="spacer battle-history"></div><div class="battle-history"><span class="battle-nickname" title="Regigigas">Regigigas</span> used <strong>Drain Punch</strong>!</div><div class="battle-history"><small>It's super effective! <br></small><small>The opposing <span class="battle-nickname-foe" title="Tyranitar">Tyranitar</span> lost 62% of its health!</small><br></div><div class="battle-history"><small>The opposing <span class="battle-nickname-foe" title="Tyranitar">Tyranitar</span> had its energy drained!</small></div><div class="spacer battle-history"></div><div class="battle-history"><span class="battle-nickname" title="Tapu Bulu">Tapu Bulu</span> used <strong>Horn Leech</strong>!</div><div class="battle-history"><small>It's super effective! <br></small><small>The opposing <span class="battle-nickname-foe" title="Suicune">Suicune</span> lost 7% of its health!</small><br></div><div class="battle-history"><small>The opposing <span class="battle-nickname-foe" title="Suicune">Suicune</span> had its energy drained!</small></div><div class="spacer battle-history"></div><div class="battle-history">The opposing <span class="battle-nickname-foe" title="Suicune">Suicune</span> fainted!</div><div class="spacer battle-history"></div><div class="battle-history">The opposing <span class="battle-nickname-foe" title="Tyranitar">Tyranitar</span> used <strong>Crunch</strong>!</div><div class="battle-history"><small><span class="battle-nickname" title="Regigigas">Regigigas</span> lost <abbr title="−169/423">40.0%</abbr> of its health!</small><br></div><div class="spacer battle-history"></div><div class="battle-history"><div><small>The sandstorm is raging.</small></div></div><div class="battle-history"><small><span class="battle-nickname" title="Regigigas">Regigigas</span> is buffeted by the sandstorm! <br><span class="battle-nickname" title="Tapu Bulu">Tapu Bulu</span> is buffeted by the sandstorm! </small></div><div class="battle-history"><small><span class="battle-nickname" title="Regigigas">Regigigas</span> restored HP using its Grassy Terrain!</small></div><div class="battle-history"><small><span class="battle-nickname" title="Tapu Bulu">Tapu Bulu</span> restored HP using its Grassy Terrain!</small></div><div class="battle-history"><small>The opposing <span class="battle-nickname-foe" title="Tyranitar">Tyranitar</span> restored HP using its Grassy Terrain!</small></div><h2 class="battle-history">Turn 18</h2><div class="chat chatmessage-miyooki mine"><strong style="color:hsl(80,45%,32.8952424707875%);"><small>☆</small><span class="username" data-name="Miyooki">Miyooki</span>:</strong> <em>damn what a game</em></div><div class="chat chatmessage-princeofbellair"><strong style="color:hsl(236,60%,65.55757335702187%);"><small>☆</small><span class="username" data-name="Prince of Bell Air">Prince of Bell Air</span>:</strong> <em>gg</em></div><div class="chat chatmessage-miyooki mine"><strong style="color:hsl(80,45%,32.8952424707875%);"><small>☆</small><span class="username" data-name="Miyooki">Miyooki</span>:</strong> <em>wp</em></div><div class="spacer battle-history"></div><div class="battle-history"><small>Prince of Bell Air forfeited.</small></div><div class="spacer battle-history"></div><div class="battle-history">Miyooki won the battle!</div><div class="chat">Ladder updating...</div><div class="chat"><small>☆Prince of Bell Air left.</small></div><div class="chat">Miyooki's rating: 1101 → <strong>1128</strong><br>(+27 for winning)</div><div class="chat">Prince of Bell Air's rating: 1119 → <strong>1093</strong><br>(-26 for losing)</div></div></div>
</div>
<script>
var daily = Math.floor(Date.now()/1000/60/60/24);document.write('<script src="https://play.pokemonshowdown.com/js/replay-embed.js?version'+daily+'"></'+'script>');
</script>
